00681nam a2200169 u 4500
001 000538819
005 20080611092207.0
008 070529s1989    |||     r     000 0 rus d
040    $a AM-YeHGA
041 0  $a rus
100 1  $a Вершигора, Петр Петрович
245 10 $a Люди с чистой совестью : $b [Воспоминания] / $c П. Вершигора; Ил. И.И. Пчелко.
260 ## $a Москва :.
260 ## $b Правда, $c 1989.
300    $a 750 с. : $b ил.
653 0  $a Партизанское движение в Великой Отечественной войне 1941-1945 гг. - УССР (х. л.)
700 1  $a Пчелко, И.И. $e ил. $4 ill

