00907nam a2200205 u 4500
001 000538821
005 20080611092207.0
008 070529s1989    |||     r     000 0 rus d
020    $a 5-340-00160-1
040    $a AM-YeHGA
041 0  $a rus
100 1  $a Блок, Александр Александрович $d 1880-1921.
245 10 $a Стихотворения и поэмы / $c Александр Блок; Худож. Н.Л. Шавшукова, В.В. Баранов.
260 ## $a Минск :.
260 ## $b Мастац. лiт, $c 1989.
300    $a 462 с. : $b ил.
440  0 $a Б-ка отечественной и зарубежной классики
505 0  $a Стихотворения; Поэмы: Ночная фиалка: Сон; Соловьиный сад; Возмездие; Двенадцать
653 0  $a Русская литература
700 1  $a Шавшукова, Н.Л. $e ил. $4 ill

