00792nam a2200205 u 4500
001 000538823
005 20080611092207.0
008 070529s1989    |||     r     000 0 rus d
020    $a 5-343-00147-5
040    $a AM-YeHGA
041 0  $a rus
100 1  $a Гиляровский, Владимир Алексеевич
245 10 $a Москва газетная; Друзья и встречи / $c В.А. Гиляровский; Худож. В.В. Савченко.
260 ## $b Наука и техника, $c 1989.
260 ## $a Минск :.
300    $a 384 с. : $b ил.
505 0  $a Москва газетная; Друзья и встречи
653 0  $a Москва - Воспоминания (х. л.)
700 1  $a Савченко, В.В. $e ил. $4 ill
740 02 $a Друзья и встречи

