00995nam a2200229 u 4500
001 000538825
005 20080611092207.0
008 070529s1989    |||     r     000 0 rus d
020    $a 5-7260-0136-2
040    $a AM-YeHGA
041 1  $a rus $h swe
100 1  $a Перссон, Лейф Г.В.
245 10 $a Столпы общества : $b (История о преступлении) : [Роман] / $c Лейф Г.В. Перссон; Пер. со швед. И.А. Мелик-Дадаевой; Отв. ред. и авт. послесл. И.И. Карпец; Худож. А.Б. Бобров.
246 15 $a Samhällsbärarna
260 ## $a Москва :.
260 ## $b Юрид. лит., $c 1989.
300    $a 287 с. : $b ил.
653 0  $a Преступность в Швеции, 20 в. (х. л.)
653 0  $a Полиция в Швеции (х. л.)
700 1  $a Карпец, И.И. $e ред. $4 edt
700 1  $a Мелик-Дадаева, И.А. $e пер. $4 trl
700 1  $a Бобров, А.Б. $e ил. $4 ill

