01603nam a2200253 u 4500
001 000538827
005 20080611092207.0
008 070529s1989    |||     r     000 0 rus d
040    $a AM-YeHGA
041 0  $a rus
110 2  $a Марийская АССР. $b Верховный совет $n (Созыв (11). Сессия (9) : $d 16 ноября 1989 года)
245 10 $a Девятая сессия Верховного Совета Марийской АССР (одиннадцатый созыв), 16 ноября 1988 г. : $b Стенографический отчет.
260 ## $a Йошкар-Ола :.
260 ## $b Марийское кн. изд-во, $c 1989.
300    $a 171 с.
653 0  $a Верховный Совет Марийской АССР - Законы и постановления - 1989
653 0  $a Верховный Совет Марийской АССР - Комиссии по народному образованию, науке и культуре
653 0  $a Бюрократизм
653 0  $a Бюджет - Марийская АССР - 1989
653 0  $a Правительство Марийской АССР
653 0  $a План экономического и социального развития Марийской АССР - 1989
653 0  $a Выборы народных депутатов СССР - Законодательство
653 0  $a Конституция СССР - Дополнения и изменения - Законодательство
653 0  $a Президиум Верховного Совета Марийской АССР

