00592nam a2200169 u 4500
001 000538829
005 20080611092207.0
008 070529s1989    |||     r     000 0 rus d
020    $a 5-268-00066-7
040    $a AM-YeHGA
041 0  $a rus
100 1  $a Поволяев, Валерий Дмитриевич
245 10 $a Вдоль земного шара : $b Книга дорог и путешествий / $c Валерий Поволяев.
260 ## $a Москва :.
260 ## $b Сов. Россия, $c 1989.
300    $a 446 с.
653 0  $a Путешествия и экспедиции - Очерки

