01415nam a2200253 u 4500
001 000538830
005 20080611092207.0
008 070529s1989    |||     r     000 0 rus d
020    $a 5-280-00920-2
040    $a AM-YeHGA
041 1  $a rus $h eng
245 00 $a Опыт человеческий : $b Произведения советских и американских писателей / $c Ред. совет: Г. Анджапаридзе, С. Грин, Т. Кудрявцева и др.; Предисл. У. Стайрона, Д. Гранина; Оформл. худ. И. Сальниковой.
246 31 $a The human experience : $b Conlemporary American and Soviet Ficlion and Poelry
260 ## $a Москва ;.
260 ## $a Нью-Йорк : $b Альфред А. Кнопф, $b Худож. лит., $c 1989.
300    $a 382 с.
653 0  $a Советская литература - Сборники
653 0  $a Американская литература - Сборники
700 1  $a Сальникова, Ирина $e худ. $4 art
700 1  $a Гранин, Даниил Александрович $d 1919- $e предисл. $4 aui
700 1  $a Анджапаридзе, Георгий Андреевич $d 1943-2005 $e ред. $4 edt
700 1  $a Стайрон, Уильям $e предисл. $4 aui
700 1  $a Кудрявцева, Татьяна $e ред. $4 edt
700 1  $a Грин, Сильвия $e ред. $4 edt

