00877nam a2200193 u 4500
001 000538831
005 20080611092207.0
008 070529s1989    |||     r     000 0 rus d
020    $a 5-362-00062-4
040    $a AM-YeHGA
041 0  $a rus
100 1  $a Загоскин, Михаил Николаевич $d 1789-1852.
245 10 $a Юрий Милославский, или Русские в 1612 году; Рославлев, или Русские в 1812 году / $c М.Н. Загоскин.
260 ## $b Картя молдовеняскэ, $c 1989.
260 ## $a Кишинев :.
300    $a 631 с. : $b ил.
505 0  $a Юрий Милославский, или Русские в 1612 году; Рославлев, или Русские в 1812 году
653 0  $a Историческая литература
740 02 $a Рославлев, или Русские в 1812 году

