00586nam a2200169 u 4500
001 000538849
005 20080611092207.0
008 070529s1976    |||     r     000 0 rus d
040    $a AM-YeHGA
041 0  $a rus
100 1  $a Лепаев, Дмитрий Алексеевич
245 10 $a Ремонт стиральных машин / $c Д.А. Лепаев.
260 ## $b Легкая индустрия, $c 1976.
260 ## $a Москва :.
300    $a 128 с. : $b ил., табл.
440  0 $a Б-чка мастера службы быта
653 0  $a Стиральные машины - Ремонт

