00517nam a2200157 u 4500
001 000538851
005 20080611092207.0
008 070529s1976    |||     r     000 0 rus d
040    $a AM-YeHGA
041 0  $a rus
100 1  $a Бойко, Владимир Федорович
245 10 $a Корень : $b Стихи и поэма. / $c Владимир Бойко.
260 ## $a Саратов, :.
260 ## $b Приволж. кн. изд-во, $c 1976.
300    $a 80 с. : $b ил.
653 0  $a Русская советская поэзия

