00583nam a2200169 u 4500
001 000538852
005 20080611092207.0
008 070529s1976    |||     r     000 0 rus d
040    $a AM-YeHGA
041 0  $a rus
100 1  $a Бондаренко, Игорь Михайлович
245 10 $a Березовый сок : $b Рассказы / $c Игорь Бондаренко.
260 ## $a Ростов-на-Дону :.
260 ## $b Рост. кн. изд-во, $c 1976.
300    $a 285 с. : $b портр.
440  0 $a Новь донская
653 0  $a Русская советская поэзия

