00539nam a2200169 u 4500
001 000538856
005 20080611092207.0
008 070529s1975    |||     r     000 0 rus d
040    $a AM-YeHGA
041 0  $a rus
100 1  $a Падерин, Геннадий
245 10 $a С общим мнением не согласен : $b Очерки / $c Геннадий Падерин.
260 ## $a Москва :.
260 ## $b Современник, $c 1975.
300    $a 269 с.
440  0 $a Наш день
653 0  $a Советская наука - Очерки

