00628nam a2200181 u 4500
001 000538857
005 20080611092208.0
008 070529s1976    |||     r     000 0 rus d
040    $a AM-YeHGA
041 1  $a rus
100 1  $a Бегзи, Донгак
245 10 $a Повесть о друге / $c Донгак Бегзи; Пер. с тувин. В. Сергановой.
260 ## $b Современник, $c 1976.
260 ## $a Москва :.
300    $a 208 с. : $b ил.
500    $a Бегзи Донгак Одай-Сюрюнович
653 0  $a Тувинская литература
700 1  $a Серганова, В. $e пер. $4 trl

