00590nam a2200169 u 4500
001 000538860
005 20080611092208.0
008 070529s1975    |||     r     000 0 rus d
040    $a AM-YeHGA
041 0  $a rus
100 1  $a Дулуб, Татьяна Дмитриевна
245 10 $a Работе с пропагандистскими кадрами - научные основы / $c Т.Д. Дулуб.
260 ## $a Минск :.
260 ## $b Беларусь, $c 1975.
300    $a 62 с.
440  0 $a Из опыта идеологической работы
653 0  $a Политпросвещение

