00586nam a2200169 u 4500
001 000538861
005 20080611092208.0
008 070529s1976    |||     r     000 0 rus d
040    $a AM-YeHGA
041 0  $a rus
100 1  $a Есин, Сергей Николаевич
245 10 $a Живем только два раза : $b Рассказы и повесть / $c Сергей Есин.
260 ## $a Москва :.
260 ## $b Мол. гвардия, $c 1976.
300    $a 143 с. : $b ил.
440  0 $a Молодые писатели
653 0  $a Русская советская литература

