00546nam a2200157 u 4500
001 000538862
005 20080611092208.0
008 070529s1976    |||     r     000 0 rus d
040    $a AM-YeHGA
041 0  $a rus
100 1  $a Кочербитов, Алксей Михайлович
245 10 $a Ладони друга : $b Стихи / $c Алксей Кочербитов.
260 ## $a Воронеж :.
260 ## $b Центр.-Чернозем. кн. изд-во, $c 1976.
300    $a 94 с. : $b портр.
653 0  $a Русская советская поэзия

