00641nam a2200157 u 4500
001 000538872
005 20080611092208.0
008 070529s1976    |||     r     000 0 rus d
040    $a AM-YeHGA
041 0  $a rus
100 1  $a Опульский. Альберт Игнатьевич
245 10 $a Дом в Хамовниках : $b Музей-усадьба Л.Н. Толстого в Москве : Путеводитель. / $c А. Опульский.
260 ## $a Москва :.
260 ## $b Моск. рабочий, $c 1976.
300    $a 160 с. : $b ил.
653 0  $a Музей-усадьба Л.Н. Толстого в Москве - Путеводители

