00825nam a2200169 u 4500
001 000538873
005 20080611092208.0
008 070529s1976    |||     r     000 0 rus d
040    $a AM-YeHGA
041 0  $a rus
245 00 $a Античная мозаика и шедевры изобразительного искусства Туниса : $b Каталог выставки.
260 ## $a Москва :.
260 ## $b Сов. художник, $c 1976.
300    $a [12] с. : $b ил.
550    $a Институт археологии Тунисской Республики; Государственный музей искусства народов Востока
653 0  $a Изобразительное искусство Туниса - 1975 - Москва
711 2  $a Выставка произведений $d (1976; $c Москва)

