01380nam a2200241 u 4500
001 000538877
005 20080611092208.0
008 070529s1989    |||     r     000 0 rus d
020    $a 5-280-00758-7
040    $a AM-YeHGA
041 0  $a rus
100 1  $a Фурманов, Дмитрий Андреевич
245 10 $a Избранные сочинения / $c Д.А. Фурманов, А.С. Серафимович, Н.А. Островский; Редкол.: Г.И. Беленький и др.; Вступ. ст., сост. разд. "Приложения", примеч. А. Старкова.
260 ## $a Москва :.
260 ## $b Худож. лит., $c 1989.
300    $a 719 с. : $b [8] л. ил.
440  0 $a Библиотека учителя
505 0  $a Чапаев / Д.А. Фурманов. Железный поток / А.С. Серафимович. Как закалялась сталь / Н.А. Островский
653 0  $a Иностранная военная интервенция и гражданская война в СССР 1918-1920 гг. (х. л.)
700 1  $a Серафимович, Александр Серафимович
700 1  $a Островский, Николай Алексеевич
700 1  $a Беленький, Геннадий Исаакович $e ред. $4 edt
700 1  $a Старков, А. $e авт. предисл. $4 aui

