00856nam a2200205 u 4500
001 000538880
005 20080611092208.0
008 070529s1988    |||     r     000 0 rus d
020    $a 5-280-00306-9 (Т. 3)
020    $a 5-280-00303-4
020    $a 5-280-00305-0 (Т. 2)
040    $a AM-YeHGA
041 1  $a rus $h eng
100 1  $a Остин, Джейн $d 1775-1817.
245 10 $a Собрание сочинений : $b В 3 т. : Пер. с англ. / $c Джейн Остен.
260 ## $a Москва :.
260 ## $b Худож. лит., $c 1988-.
300    $a 3 т.
505 10 $g Т. 2 (1988; 670 с.: цв. ил.) : $a Нортенгерское аббатство; Мэнсфилд-парк : Романы ; $g Т. 3 (1989; 669 с.: цв. ил.) : $t Эмма : Роман; Доводы рассудка : Роман
653 0  $a Английская литература

