00703nam a2200181 u 4500
001 000538881
005 20080611092208.0
008 070529s1975    |||     r     000 0 rus d
040    $a AM-YeHGA
041 0  $a rus
100 1  $a Атабекова, Кашифа Сулеймановна
245 10 $a Рентгенодиагностика хронического постдизентерийного язвенного колита / $c К.С. Атабекова.
260 ## $b Медицина, $c 1975.
260 ## $a Ташкент :.
300    $a 171 с. : $b ил.
504    $a Библиогр.: с. 161-170
653 0  $a Колит язвенный
653 0  $a Диагностика рентгенологическая

