00543nam a2200169 u 4500
001 000538882
005 20080611092208.0
008 070529s1975    |||     r     000 0 rus d
040    $a AM-YeHGA
041 0  $a rus
100 1  $a Серебрякова, Галина Иосифовна
245 10 $a Незатейливый узор / $c Галина Серебрякова.
260 ## $b Правда, $c 1975.
260 ## $a Москва :.
300    $a 48 с.
440  0 $a Б-ка "Огонек" $v 44
653 0  $a Русская советская литература

