01112nam a2200229 u 4500
001 000538884
005 20080611092208.0
008 070529s1989    |||     r     000 0 rus d
020    $a 5-283-02949-2
040    $a AM-YeHGA
041 0  $a rus
245 00 $a Методы химического и радиохимического контроля в ядерной энергетике / $c Л.Н. Москвин, М.Ф. Гумеров, А.А. Ефимов и др.; Под ред. Л.Н. Москвина.
260 ## $a Москва :.
260 ## $b Энергоатомиздат, $c 1989.
300    $a 260 с. : $b ил.
500    $a Авт. указаны перед вып. дан.
504    $a Библиогр.: с. 251-257
653 0  $a Ядерные энергетические установки - Режим работы - Технохимический контроль
653 0  $a Радиохимический анализ
700 1  $a Москвин, Леонид Николаевич
700 1  $a Гумеров, Марат Фатыхович
700 1  $a Ефимов, Анатолий Алексеевич

