00531nam a2200169 u 4500
001 000538886
005 20080611092208.0
008 070529s1976    |||     r     000 0 rus d
040    $a AM-YeHGA
041 0  $a rus
100 1  $a Кожевников, Вадим Михайлович
245 10 $a Всю неделю дождь / $c Вадим Кожевников.
260 ## $a Москва :.
260 ## $b Сов. Россия, $c 1976.
300    $a 92 с.
440  0 $a Писатель и время
653 0  $a Советская литература

