00594nam a2200169 u 4500
001 000538887
005 20080611092208.0
008 070529s1975    |||     r     000 0 rus d
040    $a AM-YeHGA
041 1  $a rus $h mol
100 1  $a Видрашку, Феодосий Константинович
245 10 $a Тревожное эхо : $b Рассказы : Перевод с молдавского / $c Федосий Видрашку.
260 ## $b Правда, $c 1975.
260 ## $a Москва :.
300    $a 48 с.
440  0 $a Б-ка "Огонек" $v 45
653 0  $a Молдавская литература

