00614nam a2200193 a 4500
001 000538890
005 20080611092209.0
008 070529s2000    |||     r     000 0 rus d
020    $a 5-341-00138-9 (т. 2)
020    $a 5-341-00119-2
040    $a AM-YeHGA
041 0  $a rus
100 1  $a Цветаева, Марина Ивановна $d 1892-1941
245 10 $a Сочинения : $b В 2 т. / $c Марина Цветаева.
260 ## $b Нар. асвета.
260 ## $a Минск :.
300    $a 2 т.
505 10 $g Т. 2 (1989; 479 с.: [1] л. портр.) : $t Проза
653 0  $a Русская литература

