00820nam a2200205 u 4500
001 000538891
005 20080611092209.0
008 070529s1989    |||     r     000 0 rus d
020    $a 5-02-016536-2
040    $a AM-YeHGA
041 0  $a rus
100 1  $a Рейснер, Марина Львовна
245 10 $a Эволюция классической газели на фарси (X-XIV вв.) / $c М.Л. Рейснер; МГУ им. М.В. Ломоносова, Ин-т стран Азии и Африки 10-14 вв.
260 ## $a Москва :.
260 ## $b Наука, $c 1989.
300    $a 224 с.
504    $a Библиогр. в примеч.: с. 211-213
504    $a Библиогр.: с. 214-219
653 0  $a Газели персидские - 10-14 вв.
653 0  $a Персидская поэзия - 10-14 вв.

