00557nam a2200169 u 4500
001 000538893
005 20080611092209.0
008 070529s1975    |||     r     000 0 rus d
040    $a AM-YeHGA
041 0  $a rus
100 1  $a Саакова, Валентина Григорьевна
245 10 $a Весеннее беспокойство : $b Стихи / $c Валентина Саакова.
260 ## $b Правда, $c 1975.
260 ## $a Москва :.
300    $a 32 с.
440  0 $a Б-ка "Огонек" $v 47
653 0  $a Русская советская поэзия

