00524nam a2200169 u 4500
001 000538894
005 20080611092209.0
008 070529s1976    |||     r     000 0 rus d
040    $a AM-YeHGA
041 0  $a rus
100 1  $a Песков, Василий Михайлович
245 10 $a Я помню... / $c Василий Песков.
260 ## $a Москва :.
260 ## $b Сов. Россия, $c 1976.
300    $a 96 с.
440  0 $a Писатель и время
653 0  $a Советская литература - Очерки

