00705nam a2200193 u 4500
001 000538896
005 20080611092209.0
008 070529s1989    |||     r     000 0 rus d
020    $a 5-200-00173-0
040    $a AM-YeHGA
041 0  $a rus
100 1  $a Аксенова, Галина Геннадиевна
245 10 $a Учебный театр / $c Галина Аксенова, Татьяна Кирш.
260 ## $b Рус. яз., $c 1989.
260 ## $a Москва :.
300    $a 214 с. : $b ил.
440  0 $a Б-чка пособий по внеаудиторной работе
653 0  $a Русский язык для иностранцев
700 1  $a Кирш, Татьяна Константиновна

