00808nam a2200217 u 4500
001 000538897
005 20080611092209.0
008 070529s1989    |||     r     000 0 rus d
020    $a 5-289-00765-2
040    $a AM-YeHGA
041 0  $a rus
100 1  $a Брумель, Валерий Николаевич
245 10 $a Не измени себе : $b Роман / $c Валерий Брумель, Александр Лапшин;.
250    $a 3-е изд.
260 ## $b Лениздат, $c 1989.
260 ## $a Ленинград :.
300    $a 282 с. : $b ил.
653 0  $a Физкультурники и спортсмены в СССР (х. л.)
653 0  $a Прыжки в высоту (х. л.)
653 0  $a Хирурги в СССР (х. л.)
700 1  $a Лапшин, Александр Алексеевич

