00638nam a2200181 u 4500
001 000538898
005 20080611092209.0
008 070529s1975    |||     r     000 0 rus d
040    $a AM-YeHGA
041 1  $a rus
100 1  $a Кешоков, Алим Пшемахович
245 10 $a Четыре времени года : $b Стихи / $c Алим Кешоков; Пер. с кабард. Яков Козловский.
260 ## $b Правда, $c 1975.
260 ## $a Москва :.
300    $a 82 с.
440  0 $a Б-ка "Огонек" $v 46
653 0  $a Кабардинская поэзия
700 1  $a Козловский, Яков $e пер. $4 trl

