00502nam a2200157 u 4500
001 000538901
005 20080611092209.0
008 070529s1976    |||     r     000 0 rus d
040    $a AM-YeHGA
041 0  $a rus
100 1  $a Сикорский, Вадим Витальевич
245 10 $a Веление : $b Стихи / $c Вадим Сикорский.
260 ## $a Москва :.
260 ## $b Мол. гвардия, $c 1976.
300    $a 80 с. : $b портр.
653 0  $a Русская советская поэзия

