00874nam a2200217 u 4500
001 000538902
005 20080611092209.0
008 070529s1989    |||     r     000 0 rus d
020    $a 5-02-016782-7
040    $a AM-YeHGA
041 0  $a rus
245 00 $a История древнего мира : $b [В 3 кн.] / $c АН СССР, Ин-т востоковедения; Под ред. И.М. Дьяконова и др.
250    $a 3-е изд., испр. и доп.
260 ## $a Москва :.
260 ## $b Наука, $c 1989-.
300    $a 3 кн.
505 10 $g [Кн.1] (1989; 471 с.: карт.) $t Ранняя древность
653 0  $a Древний мир - История
700 1  $a Дьяконов, Игорь Михайлович $e ред. $4 edt
710 2  $a Академия наук СССР
710 2  $a Институт востоковедения АН СССР

