00634nam a2200169 u 4500
001 000538903
005 20080611092209.0
008 070529s1976    |||     r     000 0 rus d
040    $a AM-YeHGA
041 0  $a rus
100 1  $a Ильин, Станислав Борисович
245 10 $a Дорогу осилит отважный / $c С. Ильин.
260 ## $a Москва :.
260 ## $b Политиздат, $c 1976.
300    $a 111 с. : $b [4] л. ил.
440  0 $a Страницы истории Советской Родины
653 0  $a Всесоюзные ударные комсомольские стройки - Всесоюзные

