00598nam a2200169 u 4500
001 000538911
005 20080611092209.0
008 070529s2007    ai      r     000 0 arm d
020    $a 978-99941-37-74-9
041 0  $a arm
100 1  $a Բաղդասարյան Ռուբիկ
245 10 $a Դուդուկի կախարդանքը : $b Բանաստեղծություններ / $c Ռ.Բաղդասարյան.
260 ## $a Երևան :.
260 ## $b Լուսաբաց, $c 2007.
300    $a 64 էջ : $b նկ. ; $c 20 սմ.
600 14 $a Տեր-Հովհաննիսյան, Արտավազդ (Ատո)
650 14 $a Դուդուկահարներ

