00550nam a2200169 u 4500
001 000538915
005 20080611092209.0
008 070529s1976    |||     r     000 0 rus d
040    $a AM-YeHGA
041 1  $a rus $h jpn
100 1  $a Таками, Дзюн
245 10 $a Избранная лирика : $b Перевод с японского / $c Дзюн Таками.
260 ## $b Мол. гвардия, $c 1976.
260 ## $a Москва :.
300    $a 77 с.
440  0 $a Избранная зарубежная лирика
653 0  $a Японская поэзия

