00538nam a2200157 u 4500
001 000538925
005 20080611092209.0
008 070529s1976    |||     r     000 0 rus d
040    $a AM-YeHGA
041 0  $a rus
100 1  $a Скоробогатов, Василий Ефимович
245 10 $a Отгремели залпы : $b Репортаж через годы / $c Василий Скоробогатов.
260 ## $a Алма-Ата :.
260 ## $b Казахстан, $c 1976.
300    $a 231 с. : $b [1] л. ил.
653 0  $a ГДР - История

