01157nam a2200229 u 4500
001 000538929
005 20080611092209.0
008 070529s1989    |||     r     000 0 rus d
020    $a 5-280-00627-0
040    $a AM-YeHGA
041 1  $a rus $h fre
100 1  $a Гюго, Виктор $d 1802-1885.
245 10 $a Девяносто третий год : $b Роман / $c Виктор Гюго; Боги жаждут : Роман / Анатоль Франс; Дантон : Драма / Ромен Роллан; Пер. c фр. Н. Жарковой и др.
246 14 $a Великой французской революции посвящается
260 ## $b Худож. лит., $c 1989.
260 ## $a Москва :.
300    $a 559 с.
505 0  $a Девяносто третий год / Виктор Гюго; Боги жаждут / Анатоль Франс; Дантон / Ромен Роллан
600 14 $a Дантон, Жорж Жак
653 0  $a Французская буржуазная революция 1789-1794 гг. (х. л.)
700 1  $a Франс, Анатоль $t Боги жаждут
700 1  $a Роллан, Ромен $t Дантон

