00695nam a2200181 u 4500
001 000538937
005 20080611092210.0
008 070529s1976    |||     r     000 0 rus d
040    $a AM-YeHGA
041 0  $a rus
100 1  $a Светланов, Евгений Федорович
245 10 $a Музыка сегодня : $b Сборник статей, рецензий, очерков / $c Евгений Светланов.
260 ## $b Сов. композитор, $c 1976.
260 ## $a Москва :.
300    $a 191 с. : $b [1] л. портр.
653 0  $a Русская музыка - 20 в.
653 0  $a Советская музыка
653 0  $a Музыкальное исполнительство

