00741nam a2200181 u 4500
001 000538942
005 20080611092210.0
008 070529s1989    |||     r     000 0 rus d
020    $a 5-289-00406-8
040    $a AM-YeHGA
041 0  $a rus
100 1  $a Назаров, Роальд Викторович
245 10 $a Пять коней : $b Повести / $c Роальд Назаров.
260 ## $a Ленинград :.
260 ## $b Лениздат, $c 1989.
300    $a 400 с. : $b ил.
505 0  $a Дальний свет; Витька на букву Е; Ветер от брата; Тот самый Миронов: Докум. повесть; Отец: Повесть-раздумье
650 14 $a Художественная литература

