00735nam a2200193 u 4500
001 000538968
005 20080611092210.0
008 070529s1988    |||     r     000 0 rus d
020    $a 5-02-016451-8
040    $a AM-YeHGA
041 0  $a rus
100 1  $a Удалова, Галина Михайловна
245 10 $a Йемен в период первого османского завоевания (1538-1635) / $c Г.М. Удалова; МГУ им. М.В. Ломоносова, Ин-т стран Азии и Африки.
260 ## $b Наука, $c 1988.
260 ## $a Москва :.
300    $a 199 с.
504    $a Библиогр.: с. 171-190
653 0  $a Йемен - История, 16-17 вв.
653 0  $a История - Йемен

