00677nam a2200169 a 4500
001 000538969
005 20080611092210.0
008 070529s1861    ai     | |||| |0| | arm d
041 0  $a arm $a fre
100 1  $a Գալֆայան, Ամբրոսիոս, $d 1826-1906
245 10 $a Բառգիրք հայ-գաղղիարէն եւ գաղղիարէն-հայերէն / $c Ա. Գալֆայեան.
246 15 $a Dictionnaire armenien-francais et francais-armenien
260 ## $a Փարիզ :.
260 ## $b Գրավաճառանոց Լ. Հաշէթի, $c 1861.
300    $a 1032 էջ ; $c 15 սմ.
650 14 $a Բառարան $x Հայերեն-ֆրանսերեն
650 14 $a Բառարան $x ֆրանսերեն-հայերեն

