01013nam a2200145 u 4500
001 000538982
005 20080611092210.0
008 070529s1936    ai      r     000 0 arm d
041 0  $a arm
245 00 $a Պարտադիր վորոշում Յերեվանի քաղաքային խորհրդի նախագահության 1936 թ. հոկտեմբերի 15-ի : $b Յերեվան քաղաքի բնակչությանը հակաոդային յեվ քիմիական պաշտպանությանը պատրաստելու մասին.
246 11 $a Обязательное постановление Президиума Ереванского Городского Совета от 15 октября 1936 г. о подготовке населения гор. Еревана к противовоздушной и химической обороне от 15 октября 1936 г.
260 ## $a Յերեվան :.
260 ## $b Գյուղհրատ, $c 1936.
300    $a 18 էջ ; $c 16 սմ.
650 14 $a Քաղաքացիական պաշտպանություն

