00811nam a2200205 u 4500
001 000538985
005 20080611092210.0
008 070529s1975    |||     r     000 0 rus d
040    $a AM-YeHGA
041 0  $a rus
100 1  $a Карый, Михаил Макарович
245 10 $a "И память Каменки..."= And the memory of Kamenka.."= "Und die Erinnerung an Kamenka... : $b And the memory of Kamenka.." "Und die Erinnerung an Kamenka... / $c М. Карый.
246 31 $a "Und die Erinnerung an Kamenka..."
246 31 $a "And the memory of Kamenka.."
246 15 $a "Und die Erinnerung an Kamenka..."
246 15 $a "And the memory of Kamenka.."
260 ## $a Днепропетровск :.
260 ## $b Промiнь, $c 1975.
300    $a 63 с.
653 0  $a Советская Украина - г. Каменка

