00588nam a2200169 u 4500
001 000538999
005 20080611092210.0
008 070529s1976    |||     r     000 0 rus d
040    $a AM-YeHGA
041 0  $a rus
100 1  $a Доризо, Николай Константинович
245 10 $a Нас водила молодость... : $b [Стихи] / $c Николай Доризо.
260 ## $a Москва :.
260 ## $b Военмориздат, $c 1976.
300    $a 95 с.
440  0 $a Б-чка журн. "Советский воин"
653 0  $a Русская советская поэзия

