00840nam a2200193 u 4500
001 000539016
005 20080611092210.0
008 070529s1976    |||     r     000 0 rus d
040    $a AM-YeHGA
041 1  $h rus
100 1  $a Этезов, Омар Мимболатович
245 10 $a Камни помнят... : $b Повесть / $c О. Этезов; Пер. с балкар. М. Киреева.
260 ## $a Москва :.
260 ## $b Сов. Россия, $c 1976.
300    $a 38 с.
653 0  $a Кабардино-Балкария (х. л.)
653 0  $a Партизанское движение в гражданской войне в СССР 1918-1920 гг.
653 0  $a Иностранная военная интервенция и гражданская война в СССР 1918-1920 гг.
700 1  $a Киреев, М $e пер. $4 trl

