00464nam a2200157 u 4500
001 000539026
005 20080611092211.0
008 070529s1910    gau     r     000 0 arm d
040    $a AM-YeHGA
041 1  $a arm $h ita
100 0  $a Գօլիարգօ
245 10 $a Արկածներ լուսնի վրայ / $c Գօլիարգօ.
260 ## $a Թիֆլիս :.
260 ## $b Հրատ. Ղափանցի, $c 1910.
300    $a 126 էջ.
650 14 $a Իտալական գրականություն $x Վեպ

