00653nam a2200145 u 4500
001 000539045
005 20080611092211.0
008 070529s1936    ai      r     000 0 arm d
041 0  $a arm
245 00 $a Ընթերցարան : $b Դասագիրք մեծահասակների կիսագրագիտության վերացման դպրոցների համար / $c Կազմ.՝ Ավ. Ճուղուրյան և ուրիշ.
260 ## $a Յերևան :.
260 ## $b Պետհրատ, $c 1936.
300    $a 157 էջ ; $c 20 սմ.
650 14 $a Անգրագիտության վերացում $v Դասագիրք
700 1  $a Ճուղուրյան, Ավետիս Սմբատի, $d 1898 - 1981 $e կազմ. $4 com

