00915nam a2200181 u 4500
001 000539051
005 20080611092212.0
008 070529s1890    |||||| |||||||||||||arm|c
040    $a AM, AiYeEPHG
041 1  $a arm
100 1  $a Օթթո, Էմիլ
245 10 $a Գործնական քերականութիւն գերմանէրեն լեզուի : $b Հանդերձ շարադրութեամբք, ընթերցուածովք եւ խոսակցութեամբք ըստ Էմիլ Օթթոյի / $c Էմիլ Օթթո ; Աշխատասիր.՝ Հ. Պօղոս Զաքարեան.
260 ## $a Վիեննա :.
260 ## $b տպ. Մխիթարեան, $c 1890.
300    $a մ.
505 10 $g Մ. 1 (1890, 296 էջ) : $t Բառագիտութիւն $g Մ. 2 (1891, 147 էջ) : $t Համաձայնութիւն
650 14 $a Գերմաներեն լեզու $v Դասագիրք $x Լեզվաբանություն
700 1  $a Զաքարեան, Պօղոս Հ. $e կազմ. $4 com

