00768nam a2200181 u 4500
001 000539052
005 20080611092212.0
008 070529s        |||     r     000 0 arm d
040    $a AM-YeHGA
041 1  $a arm $h fre
100 1  $a Բրատէլ, Ժօրժ
245 10 $a Պատուոյ համար : $b Զգայացունց, հետաքրքրաշարժ եւ սիրային արկածներով լի ընտանեկան խորհրդաւոր վէպ / $c Ժօրժ Բրատէլ; Հայ հրատ. Արգոս ը-թյուն.
250    $a 38-րդ հրատ.
260 ## $a Գահիրէ :.
260 ## $b տպ. Արգոս, $c Ա. թ.
300    $a 248 էջ.
650 14 $a Ֆրանսիական գրականություն $x Վեպ
710 2  $a Հայ հրատարակչական Արգոս ընկերություն

